101 073972181 2739701161912031830B094101TEST PROGRAMS          Meta Payment Systems
5200BED BATH AND BEY                    3112250488PPDPAYROLL   3614841912042471021000020000001
622073972181123456789123     00000213751NU000000011589TEST,TEST               0021000025257946
820000000100073972180000000000000000000213753112250488                         021000020000001
9000001000001000000010007397218000000000000000000021375
9999999999999999999999999999999999999999999999999999999999999999999999999999999999999999999999
9999999999999999999999999999999999999999999999999999999999999999999999999999999999999999999999
9999999999999999999999999999999999999999999999999999999999999999999999999999999999999999999999
9999999999999999999999999999999999999999999999999999999999999999999999999999999999999999999999
9999999999999999999999999999999999999999999999999999999999999999999999999999999999999999999999